{
  "leader": "01494cam a2200397Ii 4500",
  "fields": [
    {
      "001": "ocm00506757\\"
    },
    {
      "003": "OCoLC"
    },
    {
      "005": "20211117101359.0"
    },
    {
      "008": "721205s1932\\\\\\\\nyu\\\\\\\\\\\\\\\\\\\\\\000\\0\\eng\\c"
    },
    {
      "010": {
        "ind1": "\\",
        "ind2": "\\",
        "subfields": [
          {
            "a": "   32022823 "
          }
        ]
      }
    },
    {
      "040": {
        "ind1": "\\",
        "ind2": "\\",
        "subfields": [
          {
            "a": "WSU"
          },
          {
            "b": "eng"
          },
          {
            "c": "WSU"
          },
          {
            "d": "OCLCQ"
          },
          {
            "d": "OCLCG"
          },
          {
            "d": "CNMBL"
          },
          {
            "d": "OCLCF"
          },
          {
            "d": "OCLCO"
          },
          {
            "d": "OCLCQ"
          },
          {
            "d": "OCL"
          },
          {
            "d": "GBVCP"
          },
          {
            "d": "OCLCA"
          },
          {
            "d": "OCLCQ"
          },
          {
            "d": "OCLCO"
          },
          {
            "d": "BDP"
          },
          {
            "d": "OCL"
          },
          {
            "d": "OCLCA"
          },
          {
            "d": "OCLCO"
          }
        ]
      }
    },
    {
      "019": {
        "ind1": "\\",
        "ind2": "\\",
        "subfields": [
          {
            "a": "219860509"
          },
          {
            "a": "249985435"
          }
        ]
      }
    },
    {
      "035": {
        "ind1": "\\",
        "ind2": "\\",
        "subfields": [
          {
            "a": "(OCoLC)506757"
          },
          {
            "z": "(OCoLC)219860509"
          },
          {
            "z": "(OCoLC)249985435"
          }
        ]
      }
    },
    {
      "043": {
        "ind1": "\\",
        "ind2": "\\",
        "subfields": [
          {
            "a": "n-us---"
          }
        ]
      }
    },
    {
      "050": {
        "ind1": "\\",
        "ind2": "4",
        "subfields": [
          {
            "a": "KF4945"
          },
          {
            "b": ".F7"
          }
        ]
      }
    },
    {
      "055": {
        "ind1": "\\",
        "ind2": "4",
        "subfields": [
          {
            "a": "JK1001"
          },
          {
            "b": "F74"
          }
        ]
      }
    },
    {
      "082": {
        "ind1": "0",
        "ind2": "4",
        "subfields": [
          {
            "a": "340"
          },
          {
            "b": "FRE"
          }
        ]
      }
    },
    {
      "100": {
        "ind1": "1",
        "ind2": "\\",
        "subfields": [
          {
            "a": "Freund, Ernst,"
          },
          {
            "d": "1864-1932."
          }
        ]
      }
    },
    {
      "245": {
        "ind1": "1",
        "ind2": "0",
        "subfields": [
          {
            "a": "Legislative regulation :"
          },
          {
            "b": "a study of the ways and means of written law /"
          },
          {
            "c": "by Ernst Freund."
          }
        ]
      }
    },
    {
      "260": {
        "ind1": "\\",
        "ind2": "\\",
        "subfields": [
          {
            "a": "New York :"
          },
          {
            "b": "Commonwealth fund,"
          },
          {
            "c": "1932."
          }
        ]
      }
    },
    {
      "300": {
        "ind1": "\\",
        "ind2": "\\",
        "subfields": [
          {
            "a": "xvi, 458 pages ;"
          },
          {
            "c": "25 cm"
          }
        ]
      }
    },
    {
      "336": {
        "ind1": "\\",
        "ind2": "\\",
        "subfields": [
          {
            "a": "text"
          },
          {
            "b": "txt"
          },
          {
            "2": "rdacontent"
          }
        ]
      }
    },
    {
      "337": {
        "ind1": "\\",
        "ind2": "\\",
        "subfields": [
          {
            "a": "unmediated"
          },
          {
            "b": "n"
          },
          {
            "2": "rdamedia"
          }
        ]
      }
    },
    {
      "338": {
        "ind1": "\\",
        "ind2": "\\",
        "subfields": [
          {
            "a": "volume"
          },
          {
            "b": "nc"
          },
          {
            "2": "rdacarrier"
          }
        ]
      }
    },
    {
      "530": {
        "ind1": "\\",
        "ind2": "\\",
        "subfields": [
          {
            "a": "Also issued online."
          }
        ]
      }
    },
    {
      "650": {
        "ind1": "\\",
        "ind2": "0",
        "subfields": [
          {
            "a": "Legislation"
          },
          {
            "z": "United States."
          }
        ]
      }
    },
    {
      "650": {
        "ind1": "\\",
        "ind2": "0",
        "subfields": [
          {
            "a": "Law"
          },
          {
            "z": "United States."
          }
        ]
      }
    },
    {
      "650": {
        "ind1": "\\",
        "ind2": "0",
        "subfields": [
          {
            "a": "Law"
          },
          {
            "x": "Philosophy."
          }
        ]
      }
    },
    {
      "650": {
        "ind1": "\\",
        "ind2": "7",
        "subfields": [
          {
            "a": "Law."
          },
          {
            "2": "fast"
          },
          {
            "0": "(OCoLC)fst00993678"
          }
        ]
      }
    },
    {
      "650": {
        "ind1": "\\",
        "ind2": "7",
        "subfields": [
          {
            "a": "Law"
          },
          {
            "x": "Philosophy."
          },
          {
            "2": "fast"
          },
          {
            "0": "(OCoLC)fst00993788"
          }
        ]
      }
    },
    {
      "650": {
        "ind1": "\\",
        "ind2": "7",
        "subfields": [
          {
            "a": "Legislation."
          },
          {
            "2": "fast"
          },
          {
            "0": "(OCoLC)fst00995636"
          }
        ]
      }
    },
    {
      "651": {
        "ind1": "\\",
        "ind2": "7",
        "subfields": [
          {
            "a": "United States."
          },
          {
            "2": "fast"
          },
          {
            "0": "(OCoLC)fst01204155"
          }
        ]
      }
    },
    {
      "776": {
        "ind1": "0",
        "ind2": "8",
        "subfields": [
          {
            "i": "Online version:"
          },
          {
            "a": "Freund, Ernst, 1864-1932."
          },
          {
            "t": "Legislative regulation."
          },
          {
            "d": "New York, Commonwealth fund, 1932"
          },
          {
            "w": "(OCoLC)577564933"
          }
        ]
      }
    },
    {
      "994": {
        "ind1": "\\",
        "ind2": "\\",
        "subfields": [
          {
            "a": "Z0"
          },
          {
            "b": "NYRVC"
          }
        ]
      }
    },
    {
      "948": {
        "ind1": "\\",
        "ind2": "\\",
        "subfields": [
          {
            "h": "NO HOLDINGS IN NYRVC - 262 OTHER HOLDINGS"
          }
        ]
      }
    },
    {
      "999": {
        "ind1": "\\",
        "ind2": "\\",
        "subfields": [
          {
            "a": "No barcode."
          }
        ]
      }
    }
  ]
}